@PhDThesis{PHD:rssi,
	title = {Algorithmes de radiolocalisation et traitements adaptés à une architecture de récepteur IR-UWB intégrée},
	author = {MR Jimmy Maceraudi},
	school = {UNIVERSITÉ DE RENNES 1},
	year = {2017}}

@MISC{rtls,

	howpublished={\url{https://www.phidata.be/fr/technologies/real_time_location_systems/}}
}


@MISC{WEBSITE:1,
	HOWPUBLISHED= "\url{http://silanus.fr/sin/formationISN/Parcours/Robotique/co/module_Robotique_8.html/}",
	TITLE= "Définition d'un robot",
	NOTE = "Consulté le 2020-03-11"
}



@MISC{WEBSITE:2,
	HOWPUBLISHED= "\url{https://www.directioninformatique.com/un-gps-interieur-a-laeroport-de-londres-gatwick/49260}",
	TITLE= "GPS en interieur à l'aeroport de londres-Gatewick",
	NOTE = "Consulté le 2020-03-25"
}



@MISC{WEBSITE:3,
	HOWPUBLISHED= "\url{https://www.ictjournal.ch/news/2015-10-20/carrefour-guide-ses-clients-grace-a-la-geolocalisation-par-led}",
	TITLE= "Hypermarché Carrefour  Westfield Euralille Lille, France",
	NOTE = "Consulté le 2020-03-25"
}


@book
{gps,
	author={Kaplan E.D , Hegarty C. },
	title={C. Understanding GPS: Principles and Applications, 2nd ed},
	publisher={Artech House: Norwood, MA, USA},
	year={2006}
}

@book
{uwb,
	author={Weihua Zhuang , Xuemin },
	title={Centre for Wireless Communications (CWC)},
	publisher={Department of Electrical and Computer Engineering, University of Waterloo},
	
}
@article{bluetooth,
	author = {Haartsen, Jaap},
	year = {1998},
	month = {01},
	pages = {110-117},
	title = {Bluetooth - the universal radio interface for ad hoc, wireless connectivity},
	volume = {75},
	journal = {Ericsson review}
}

@MISC{wifi,
	
	howpublished={\url{https://fr.wikipedia.org/wiki/Réseau_sans_fil}}
}

@MISC{rfid,
	
	howpublished={\url{https://fr.wikipedia.org/wiki/Radio-identification}}
}
@MISC{transport,
	
	howpublished={\url{https://www.ikomobi.com/la-geolocalisation-indoor-un-enjeu-mobile}}
}
@book
{trilateration,
	author={Zhao K. , Li B. , Andrew  D. , Che L },
	title={ A Comparison of algorithms adopted in fingerprinting indoor positioning systems},
	publisher={Outrigger Gold Coast, Australia},
	year={2013}
}



@PhDThesis{navigation,
	title = {conception et développement d'une application de géolocalisation indoor},
	author = {Rim Elaire},
	school = {Université de la Manouba},
	year = {2014}}

@inproceedings{dead,
	author = {Ojeda, Lauro and Borenstein, Johann},
	year = {2007},
	month = {10},
	pages = {1 - 6},
	title = {Personal Dead-reckoning System for GPS-denied Environments},
	isbn = {978-1-4244-1569-4},
	journal = {IEEE International Workshop on Safety, Security and Rescue Robotics},
	doi = {10.1109/SSRR.2007.4381271}
	
}

@article{magnet,
	author = {Galván Tejada, Carlos and García-Vázquez, Juan and Brena, Ramon},
	year = {2014},
	month = {06},
	pages = {11001-11015},
	title = {Magnetic Field Feature Extraction and Selection for Indoor Location Estimation},
	volume = {14},
	journal = {Sensors},
	doi = {10.3390/s140611001}
}

